<?xml version="1.0" encoding="UTF-8"?><collection xmlns="http://www.loc.gov/MARC21/slim"><record><leader>00395nam--2200157-i-4500</leader><controlfield tag="001">000003623</controlfield><controlfield tag="002">20161230</controlfield><controlfield tag="005">20170129003952</controlfield><controlfield tag="008">060222s1000------------r-----000-0-eng-d</controlfield><datafield ind1=" " ind2=" " tag="100"><subfield code="a">Chitaev, E. V</subfield></datafield><datafield ind1=" " ind2=" " tag="245"><subfield code="a">Curs de electrotehnica generala</subfield></datafield><datafield ind1=" " ind2=" " tag="260"><subfield code="a">Bucuresti</subfield><subfield code="b">Edit.Energetica De Stat</subfield><subfield code="c">1953</subfield></datafield><datafield ind1=" " ind2=" " tag="300"><subfield code="a">895 p</subfield></datafield><datafield ind1=" " ind2=" " tag="700"><subfield code="a">Grevtev, N. F</subfield></datafield><datafield ind1=" " ind2=" " tag="852"><subfield code="a">3129</subfield></datafield><datafield ind1=" " ind2=" " tag="CAT"><subfield code="a">SYS</subfield><subfield code="c">20170129</subfield><subfield code="h">003952</subfield></datafield></record></collection>